
@book{book,
	added-at = {2013-04-24T13:46:19.000+0200},
	address = {Upper Saddle River, N.J.},
	author = {Jurafsky, Dan and Martin, James H.},
	biburl = {https://www.bibsonomy.org/bibtex/2fb7fa20679ebb9d69d27d7c9682fd774/lopusz_kdd},
	description = {Speech and Language Processing (2nd Edition): Daniel Jurafsky, James H. Martin: 9780131873216: Amazon.com: Books},
	interhash = {5f4a309a36c3da5e3becbf0ac5d88413},
	intrahash = {fb7fa20679ebb9d69d27d7c9682fd774},
	isbn = {9780131873216 0131873210},
	keywords = {language},
	publisher = {Pearson Prentice Hall},
	refid = {213375806},
	timestamp = {2013-04-24T13:46:19.000+0200},
	title = {Speech and language processing : an introduction to natural language processing, computational linguistics, and speech recognition},
	year = 2009
}


@ARTICLE{simpleNLG,
	author = "Gatt, A. and Reiter, E.",
	title = {SimpleNLG: A realisation engine for practical applications},
	journal= {Proceedings of the 12th European Workshop on Natural Language Generation},
	year = 2009,
	pages = "90-93",

}

@ARTICLE{tint,
	author = {{Palmero Aprosio}, A. and {Moretti}, G.},
	title = "{Italy goes to Stanford: a collection of CoreNLP modules for Italian}",
	journal = {ArXiv e-prints},
	archivePrefix = "arXiv",
	eprint = {1609.06204},
	primaryClass = "cs.CL",
	keywords = {Computer Science - Computation and Language},
	year = 2016,
	month = sep,
	adsurl = {http://adsabs.harvard.edu/abs/2016arXiv160906204P},
	adsnote = {Provided by the SAO/NASA Astrophysics Data System}
}

@ARTICLE{tint_due,
	author = {{Palmero Aprosio}, A. and {Moretti}, G.},
	title = {Tint 2.0: an All-inclusive Suite for NLP in Italian},
	keywords = {Computer Science - Computation and Language},
	journal={Proceedings of the Fifth Italian Conference on Computational Linguistics CLiC-it},
	volume={10},
	pages={1-12},
	year={2018}
}    